@misc{slownik,
  title        = {Słownik języka międzysłowniańskiego},
  url          = {https://interslavic-dictionary.com/?text=&lang=en-isv},
}

@misc{kompose,
    title = {Kompose documentation} ,
    url = {https://kompose.io/user-guide/ }
}

@misc{oktawave,
    title = {Oktawave} ,
    url = {https://oktawave.com/pl/docs/services/kubernetes-service/storage/#konfiguracja-storage-class}
}

@misc{stepik,
    title={Techologie chmurowe},
    author={Mateusz Miotk},
    url={https://stepik.org/course/139221/syllabus}}